@Misc{top-coder,
 author   = {TopCoder},
 title    = {Range Minimum Query and Lowest Common Ancestor},
 howpublished= {\url{https://www.topcoder.com/community/competitive-programming/tutorials/range-minimum-query-and-lowest-common-ancestor/}},
}

@book{cormen,
 author   = {Thomas H. Cormen, Charles E. Leiserson, Ronald L. Rivest, and Clifford Stein},
 title    = {Introduction to Algorithms},
 publisher= {MIT Press},
 month    = Aug,
 year     = {2009},
 edition  = 3
}

@Misc{programacao-dinamica,
 author   = {Stefano Tommasini},
 title    = {Programação Dinâmica},
 year     = {2014},
 note     = {Acessado em 12/10/2019},
 howpublished= {\url{https://bcc.ime.usp.br/tccs/2014/stefanot/template.pdf},
}

@Misc{arvore-segmentos,
 author   = {Matheus de Mello Santos Oliveira},
 title    = {Árvores de Segmentos},
 year     = {2018},
 note     = {Acessado em 12/10/2019},
 howpublished= {\url{https://linux.ime.usp.br/~matheusmso/mac0499/monografia.pdf}},
}


